%Info on setting up sources:
%https://en.wikibooks.org/wiki/LaTeX/Bibliography_Management#Standard_templates

%%%%%%%%%%%%%%%%%% FORMATTING GUIDELINES %%%%%%%%%%%%%%%%%%
% If multiple authors, write "and" between each name (e.g. John Doe and Jane Doe)
% using { } around author name prevents abbreviation
% LaTeX (sometimes?) doesn't like Æ, Ø, Å or space in source name

%%%%%%%%%%%%%% Skabeloner %%%%%%%%%%%%%%%%%

%@book{,
%    author      = {},
%    title       = {},
%    publisher   = {},
%    address     = {},
%    edition     = {},
%    year        = {},
%    isbn        = {},
%    }
    
%@article{,
%    author  = {},
%    year    = {},
%    month   = {},
%    title   = {},
%    journal = {},
%    volume  = {},
%    number  = {},
%    pages   = {},
%    issn    = {},
%    url = {},
%    }

%@manual{,
%	title		= {},
%	organization	= {},
%	edition	    = {},
%	year		= {},
%	month		= {},
%	url         = {},
%}

%@incollection{,
%    author  = {},
%    title   = {},
%    booktitle = {},
%    publisher = {},
%    address = {},
%    year    = {},
%    month   = {},
%    chapter = {},
%    doi = {},
%    }

%@online{,
%    author = {},
%    title = {},
%    organization = {},
%    url  = {},
%    urldate = {},%
%}

%@techreport{,
%    title = {},
%    author = {},
%    organization = {},
%    number = {},
%    year = {},
%}

%@MISC{,
 % author = {},
  %title = {},
  %year = {},
  %howpublished = {},
 %}

%%%%%%%%%%%%%%%%%% Bibliography %%%%%%%%%%%%%%%

%%%%%%%%%%%%%%%% Problem analysis %%%%%%%%%%%%%
@online{nasaRocket,
    author  = {Tom Benson},
    organization = {NASA},
    title   = {Stability of a Model Rocket},
    url = {https://www.grc.nasa.gov/WWW/k-12/VirtualAero/BottleRocket/airplane/rktstab.html},
    urldate = {2024-02-21},
}

